@misc{physically_based_rendering, title={Physical Based Rendering}, url={http://www.pbrt.org/}, journal={Physically Based Rendering: From Theory to Implementation}}

@misc{meshstandardmaterial_2017, title={Mesh Standard Material, ThreeJS}, url={https://threejs.org/docs/#api/materials/MeshStandardMaterial}, journal={Threejs.org}, year={2017}
