
@article{remeikis_queensland_2016,
	title = {Queensland crime statistics not black and white},
	url = {http://www.brisbanetimes.com.au/queensland/queensland-crime-statistics-not-black-and-white-20160807-gqn2g7.html},
	language = {en\_US},
	urldate = {2017-03-27},
	journal = {Brisbane Times},
	author = {Remeikis, Amy},
	month = aug,
	year = {2016}
}

@misc{roufa_early_nodate,
	title = {The {Early} {History} of {Crime} and {Criminolgy}},
	url = {https://www.thebalance.com/the-history-of-criminology-part-1-974579},
	abstract = {Explore how the study of crime and its causes has developed through the ages and how science and religion have influenced how we approach crime.},
	urldate = {2017-03-29},
	journal = {The Balance},
	author = {Roufa, Timothy},
	file = {Snapshot:/Users/roy/Library/Application Support/Firefox/Profiles/bv8y63cm.default/zotero/storage/5CVTBIWM/the-history-of-criminology-part-1-974579.html:text/html}
}

@misc{goldsmith_predictive_nodate,
	title = {Predictive {Tools} for {Public} {Safety} {\textbar} {Data}-{Smart} {City} {Solutions}},
	url = {http://datasmart.ash.harvard.edu/news/article/predictive-tools-for-public-safety-506},
	urldate = {2017-03-29},
	author = {Goldsmith, Stephen},
	file = {Predictive Tools for Public Safety | Data-Smart City Solutions:/Users/roy/Library/Application Support/Firefox/Profiles/bv8y63cm.default/zotero/storage/WQXGEXCE/predictive-tools-for-public-safety-506.html:text/html}
}

@misc{australian_institute_of_criminology;_national_committee_on_violence;_chappell_violence_nodate,
	title = {Violence, {Crime} and {Australian} {Society}},
	copyright = {Copyright Australian Institute of Criminology},
	url = {http://www.aic.gov.au/publications/previous%20series/vt/1-9/vt01.html},
	abstract = {A high level of public concern is being expressed in Australia about the state of violent crime. While acknowledging that much of this concern is justified, and that there is a troubling and deep seated problem of violence in Australian society, Chappell attempts to provide a balanced appraisal of the nature and scope of the problem. He also considers some of the strategies which might be used to minimise and reduce violence. This report is an abridged and updated version of the South Australian Justice Administration Foundation Oration presented at the South Australian Police Academy, Fort Largs on 13 July 1988.},
	language = {en},
	urldate = {2017-03-29},
	author = {Australian Institute of Criminology; National Committee on Violence; Chappell, Duncan},
	file = {Snapshot:/Users/roy/Library/Application Support/Firefox/Profiles/bv8y63cm.default/zotero/storage/I2MGX4KW/vt01.html:text/html}
}

@misc{noauthor_ibm_2012,
	type = {{CT}602},
	title = {{IBM} {SPSS} {Crime} {Prediction} and {Prevention}},
	copyright = {© Copyright IBM Corp. 2010},
	url = {http://www.ibm.com/software/analytics/spss/11/na/cpp/},
	abstract = {IBM SPSS Crime Prediction and Prevention: The Power of Predictive Crime Fighting - Taking intelligence-led policing to the next level.},
	language = {en-US},
	urldate = {2017-03-29},
	month = mar,
	year = {2012},
	file = {Snapshot:/Users/roy/Library/Application Support/Firefox/Profiles/bv8y63cm.default/zotero/storage/6JB4ZQ4C/cpp.html:text/html}
}

@misc{palantir_technologies_law_nodate,
	title = {Law {Enforcement}},
	url = {https://palantir.com/solutions/law-enforcement/index.html},
	abstract = {Palantir builds software that connects data, technologies, humans and environments.},
	urldate = {2017-03-29},
	journal = {Palantir},
	author = {{Palantir Technologies}},
	file = {Snapshot:/Users/roy/Library/Application Support/Firefox/Profiles/bv8y63cm.default/zotero/storage/57KTMN4S/law-enforcement.html:text/html}
}

@misc{noauthor_2004_2017,
	title = {2004 in {Australia}},
	copyright = {Creative Commons Attribution-ShareAlike License},
	url = {https://en.wikipedia.org/w/index.php?title=2004_in_Australia&oldid=768677697},
	language = {en},
	urldate = {2017-04-01},
	journal = {Wikipedia},
	month = mar,
	year = {2017},
	note = {Page Version ID: 768677697},
	file = {Snapshot:/Users/roy/Library/Application Support/Firefox/Profiles/bv8y63cm.default/zotero/storage/IPM7R6U7/index.html:text/html}
}

@misc{noauthor_qps_nodate,
	title = {{QPS} {Divisions} - {Data} {\textbar} {Queensland} {Government}},
	url = {https://data.qld.gov.au/dataset/qps-divisions},
	abstract = {Queensland Police Service divisional boundaries},
	urldate = {2017-04-08},
	file = {Snapshot:/Users/roy/Library/Application Support/Firefox/Profiles/bv8y63cm.default/zotero/storage/PT7WWJN6/qps-divisions.html:text/html}
}

@misc{noauthor_offence_nodate,
	title = {Offence numbers—police divisions—monthly from {July} 2001 - {Data} {\textbar} {Queensland} {Government}},
	url = {https://data.qld.gov.au/dataset/offence-numbers-police-divisions-monthly-from-july-2001},
	abstract = {The number of reported offences by police divisions, monthly from July 2001.},
	urldate = {2017-04-08},
	file = {Snapshot:/Users/roy/Library/Application Support/Firefox/Profiles/bv8y63cm.default/zotero/storage/DA7TDPUP/offence-numbers-police-divisions-monthly-from-july-2001.html:text/html}
}

@article{nolan_establishing_2004,
	title = {Establishing the statistical relationship between population size and {UCR} crime rate: {Its} impact and implications},
	volume = {32},
	issn = {00472352},
	shorttitle = {Establishing the statistical relationship between population size and {UCR} crime rate},
	language = {en},
	number = {6},
	urldate = {2017-04-09},
	journal = {Journal of Criminal Justice},
	author = {Nolan, James J.},
	month = nov,
	year = {2004},
	pages = {547--555},
	file = {doi\:10.1016/j.jcrimjus.2004.08.002 - covariance.pdf:/Users/roy/Library/Application Support/Firefox/Profiles/bv8y63cm.default/zotero/storage/INKU2N9E/covariance.pdf:application/pdf}
}